@article{fontanaEvaporationVsSolution2019,
  title = {Evaporation vs {{Solution Sequential Doping}} of {{Conjugated Polymers}}: {{F}} {\textsubscript{4}} {{TCNQ Doping}} of {{Micrometer-Thick P3HT Films}} for {{Thermoelectrics}}},
  shorttitle = {Evaporation vs {{Solution Sequential Doping}} of {{Conjugated Polymers}}},
  author = {Fontana, Matthew T. and Stanfield, Dane A. and Scholes, D. Tyler and Winchell, K. J. and Tolbert, Sarah H. and Schwartz, Benjamin J.},
  year = {2019},
  month = sep,
  journal = {The Journal of Physical Chemistry C},
  volume = {123},
  number = {37},
  pages = {22711--22724},
  issn = {1932-7447, 1932-7455},
  doi = {10.1021/acs.jpcc.9b05069},
  urldate = {2023-05-11},
  langid = {english},
  file = {C\:\\Users\\32456\\Zotero\\storage\\J9D5DRNE\\Fontana et al. - 2019 - Evaporation vs Solution Sequential Doping of Conju.pdf}
}
